% Website
% Required fields: 'title' | 'author' | 'howpublished' | 'note'
% Optional fields: 'month' | 'year'
@misc{misc,
  title = {{Title}},
  author = {{Name Surname, Name Surname and Name Surname}},
  howpublished = {\url{https://www.google.com}},
  note = {{Accessed 31/01/2000}}
}

@misc{wiki-pddl,
  title = {Planning Domain Definition Language},
  author = {Wikipedia},
  howpublished = {\url{https://en.wikipedia.org/wiki/Planning_Domain_Definition_Language}},
  note = {Accessed 05/02/2025}
}

@misc{g4g-rl,
  title = {Reinforcement learning},
  author = {GeeksforGeeks},
  howpublished = {\url{https://www.geeksforgeeks.org/what-is-reinforcement-learning/}},
  note = {Accessed 05/02/2025}
}


% Book
% Required fields: 'author' or 'editor' | 'title' | 'publisher' | 'year'.
% Optional fields: 'volume' or 'number' | 'series' | 'address' | 'edition' | 'month' | 'note'
@book{book,
  author = {{Name Surname, Name Surname and Name Surname}},
  title = {{Title}},
  publisher = {{University of Trento}},
  year = 1994,
  edition = 2
}

@book{wooldridge2002multiagent,
  author = {Michael Wooldridge},
  title = {An Introduction to Multiagent Systems},
  publisher = {John Wiley \& Sons},
  year = {2002},
  edition = {1},
  note = {Chapter 2},
}


% Conference
% Required fields: 'author' | 'title' | 'booktitle' | 'year'
% Optional fields: 'editor' | 'volume' or 'number' | 'series' | 'pages' | 'address' | 'month' | 'organization' | 'publisher' | 'note'
@conference{conference,
  author = {{Name Surname, Name Surname and Name Surname}},
  title = {{Title}},
  booktitle = {{University of Trento}},
  address = {{Trento | ITA}},
  year = 2005,
  month = jun,
  pages = {886-893}
}

% Article
% Required fields: 'author' | 'title' | 'journal' | 'year'
% Optional fields: 'volume' | 'number' | 'pages' | 'month' | 'note'
@article{article,
  author = {{Name Surname, Name Surname and Name Surname}},
  title = {{Title}},
  journal = {{University of Trento}},
  volume = 52,
  number = 4,
  pages = {1289-1306},
  year = 2006
}

@inproceedings{bdi-icmas95,
    address = {San Francisco, CA, USA},
    author = {Rao, Anand S. and Georgeff, Michael P.},
    booktitle = {1st International Conference on Multi Agent Systems (ICMAS 1995)},
    editor = {Lesser, Victor R. and Gasser, Les},
    isbn = {0-262-62102-9},
    month = {12-14~} # jun,
    pages = {312--319},
    publisher = {The MIT Press},
    title = {{BDI} Agents: From Theory to Practice},
    url = {http://www.aaai.org/Papers/ICMAS/1995/ICMAS95-042},
    year = 1995
}

@inproceedings{Yang2022,
  title={An AI Planning Approach to Emergency Material Scheduling Using Numerical PDDL},
  author={Liping Yang and Ruishi Liang},
  year={2022},
  booktitle={Proceedings of the 2022 International Conference on Artificial Intelligence, Internet and Digital Economy (ICAID 2022)},
  pages={47-54},
  issn={2589-4919},
  isbn={978-94-6463-010-7},
  url={https://doi.org/10.2991/978-94-6463-010-7_7},
  doi={10.2991/978-94-6463-010-7_7},
  publisher={Atlantis Press}
}
